<record><leader>00000cas a2200000 a 4500</leader><controlfield tag="001">14263973</controlfield><controlfield tag="008">860925d18921896ksuwr ne      0    0eng d</controlfield><datafield ind1=" " ind2=" " tag="010"><subfield code="a">sn 86064510 </subfield></datafield><datafield ind1=" " ind2=" " tag="040"><subfield code="a">KSH</subfield><subfield code="b">eng</subfield><subfield code="c">KSH</subfield><subfield code="d">NPT</subfield><subfield code="d">OCL</subfield><subfield code="d">OCLCQ</subfield></datafield><datafield ind1=" " ind2=" " tag="042"><subfield code="a">msc</subfield></datafield><datafield ind1="0" ind2=" " tag="130"><subfield code="a">Atchison weekly patriot (Atchison, Kan. : 1892)</subfield></datafield><datafield ind1="1" ind2="0" tag="245"><subfield code="a">Atchison weekly patriot.</subfield></datafield><datafield ind1="1" ind2="3" tag="246"><subfield code="a">Atchison patriot</subfield><subfield code="f">June 27-Sept. 19, 1896</subfield></datafield><datafield ind1=" " ind2=" " tag="260"><subfield code="a">Atchison, Kan. :</subfield><subfield code="b">M.F. Stanbaugh,</subfield><subfield code="c">1892-1896.</subfield></datafield><datafield ind1=" " ind2=" " tag="300"><subfield code="a">4 v. :</subfield><subfield code="b">ill. ;</subfield><subfield code="c">70 cm.</subfield></datafield><datafield ind1=" " ind2=" " tag="310"><subfield code="a">Weekly</subfield></datafield><datafield ind1="0" ind2=" " tag="362"><subfield code="a">Vol. 32 [sic], no. 39 (May 14, 1892)-v. 29, no. 52 (Sept. 19, 1896).</subfield></datafield><datafield ind1=" " ind2=" " tag="500"><subfield code="a">On title ornament: "Onward and upward."</subfield></datafield><datafield ind1=" " ind2=" " tag="515"><subfield code="a">Volume numbers are off, May 14, 1892-Jan. 14, 1893; resumes previous numbering with Jan. 21, 1893 issue.</subfield></datafield><datafield ind1=" " ind2=" " tag="752"><subfield code="a">United States</subfield><subfield code="b">Kansas</subfield><subfield code="c">Atchison</subfield><subfield code="d">Atchison.</subfield></datafield><datafield ind1="0" ind2=" " tag="775"><subfield code="t">Atchison daily patriot</subfield><subfield code="w">(DLC)sn 83040093</subfield></datafield><datafield ind1="0" ind2="0" tag="780"><subfield code="t">Atchison patriot (Atchison, Kan. : 1876 : Weekly)</subfield><subfield code="w">(DLC)sn 86064509</subfield></datafield></record>